% --- منابع عمومی و فصل اول (مقدمه و آسیب‌پذیری‌ها) ---

@misc{nakamoto_whitepaper,
	author = {Nakamoto, Satoshi},
	title  = {Bitcoin: A Peer-to-Peer Electronic Cash System},
	year   = {2008},
	howpublished = {\url{https://bitcoin.org/bitcoin.pdf}},
	note = {Accessed: 2025-09-20}
}

@book{antonopoulos_mastering,
	author    = {Antonopoulos, Andreas M.},
	title     = {Mastering Bitcoin: Programming the Open Blockchain},
	publisher = {O'Reilly Media},
	year      = {2017},
	edition   = {2nd}
}

@book{narayanan_deanonymizing,
	author    = {Narayanan, Arvind and Bonneau, Joseph and Felten, Edward and Miller, Andrew and Goldfeder, Steven},
	title     = {Bitcoin and Cryptocurrency Technologies: A Comprehensive Introduction},
	publisher = {Princeton University Press},
	year      = {2016}
}

% --- منابع فصل دوم (راهکارهای درون‌زنجیره‌ای) ---

@misc{maxwell_coinjoin,
	author = {Maxwell, Gregory},
	title  = {CoinJoin: Bitcoin privacy for the real world},
	year   = {2013},
	howpublished = {Bitcointalk Forum Post},
	note = {URL: \url{https://bitcointalk.org/index.php?topic=279249.0}, Accessed: 2025-09-20}
}

% --- منابع فصل سوم (راهکارهای برون‌زنجیره‌ای) ---

@inproceedings{decker_sok,
	author    = {Decker, Christian and Wattenhofer, Roger},
	title     = {{SoK: Payment Channel Networks}},
	booktitle = {23rd International Conference on Financial Cryptography and Data Security (FC)},
	year      = {2019},
	pages     = {499--519}
}

% --- منابع فصل چهارم (مطالعه موردی مونرو) ---

@misc{monero_website,
	title  = {Get Monero | The Official Monero Website},
	author = {{The Monero Project}},
	year   = {2025},
	howpublished = {\url{https://www.getmonero.org/}},
	note = {Accessed: 2025-09-20}
}

% --- منابع عمومی و تکمیلی ---

@misc{cyfrin_website,
	title  = {Cyfrin | Blockchain Security Audits \& Education},
	author = {{Cyfrin}},
	year   = {2025},
	howpublished = {\url{https://cyfrin.io/}},
	note = {Accessed: 2025-09-20}
}

@misc{lavafi_github_sim,
	author       = {Lavafi, Amirhossein},
	title        = {Privacy in Blockchain Simulation Codes},
	year         = {2025},
	howpublished = {\url{https://github.com/Amir-Lavafi/Bachelor_project}},
	note         = {Accessed: 2025-09-22}
}